<record><leader>00000cas a22000007a 4500</leader><controlfield tag="001">47106494</controlfield><controlfield tag="008">010611d188518uusduwr ne      0    0eng d</controlfield><datafield ind1=" " ind2=" " tag="010"><subfield code="a">sn2001063187</subfield></datafield><datafield ind1=" " ind2=" " tag="040"><subfield code="a">SXN</subfield><subfield code="b">eng</subfield><subfield code="c">SXN</subfield><subfield code="d">OCLCF</subfield><subfield code="d">OCLCO</subfield></datafield><datafield ind1="1" ind2=" " tag="029"><subfield code="a">AU@</subfield><subfield code="b">000022766589</subfield></datafield><datafield ind1=" " ind2=" " tag="042"><subfield code="a">msc</subfield></datafield><datafield ind1=" " ind2=" " tag="043"><subfield code="a">n-us-sd</subfield></datafield><datafield ind1="0" ind2=" " tag="130"><subfield code="a">Public ledger (Winfred, S.D.)</subfield></datafield><datafield ind1="0" ind2="0" tag="245"><subfield code="a">Public ledger.</subfield></datafield><datafield ind1=" " ind2=" " tag="260"><subfield code="a">Winfred, Lake County, Dakota [S.D.] :</subfield><subfield code="b">Miss M. Lulu Stowe,</subfield></datafield><datafield ind1=" " ind2=" " tag="300"><subfield code="a">v.</subfield></datafield><datafield ind1=" " ind2=" " tag="310"><subfield code="a">Weekly</subfield></datafield><datafield ind1="0" ind2=" " tag="362"><subfield code="a">Vol. 2, no. 1(May 16, 1885)-</subfield></datafield><datafield ind1=" " ind2=" " tag="530"><subfield code="a">Available on microfilm from: State Archives, South Dakota State Historical Society.</subfield></datafield><datafield ind1=" " ind2=" " tag="580"><subfield code="a">Continues: Winfred pioneer, and: Winfred witness.</subfield></datafield><datafield ind1=" " ind2="0" tag="651"><subfield code="a">Winfred (S.D.)</subfield><subfield code="v">Newspapers.</subfield></datafield><datafield ind1=" " ind2="0" tag="651"><subfield code="a">Lake County (S.D.)</subfield><subfield code="v">Newspapers.</subfield></datafield><datafield ind1=" " ind2="7" tag="655"><subfield code="a">Newspapers.</subfield><subfield code="2">fast</subfield><subfield code="0">(OCoLC)fst01423814</subfield></datafield><datafield ind1=" " ind2="7" tag="651"><subfield code="a">South Dakota</subfield><subfield code="z">Lake County.</subfield><subfield code="2">fast</subfield><subfield code="0">(OCoLC)fst01215598</subfield></datafield><datafield ind1=" " ind2="7" tag="651"><subfield code="a">South Dakota</subfield><subfield code="z">Winfred.</subfield><subfield code="2">fast</subfield><subfield code="0">(OCoLC)fst01309375</subfield></datafield><datafield ind1=" " ind2=" " tag="752"><subfield code="a">United States</subfield><subfield code="b">South Dakota</subfield></datafield><datafield ind1="0" ind2="0" tag="780"><subfield code="t">Winfred pioneer</subfield></datafield><datafield ind1="0" ind2="0" tag="780"><subfield code="t">Winfred witness</subfield><subfield code="w">(DLC)sn 200163188</subfield></datafield></record>